@preamble{ "\newcommand{\noopsort}[1]{} "
	# "\newcommand{\printfirst}[2]{#1} "
	# "\newcommand{\singleletter}[1]{#1} "
	# "\newcommand{\switchargs}[2]{#2#1} " }

@article{Hall:2009:WDM:1656274.1656278,
 author = {Hall, Mark and Frank, Eibe and Holmes, Geoffrey and Pfahringer, Bernhard and Reutemann, Peter and Witten, Ian H.},
 title = {The WEKA Data Mining Software: An Update},
 journal = {SIGKDD Explor. Newsl.},
 issue_date = {June 2009},
 volume = {11},
 number = {1},
 month = nov,
 year = {2009},
 issn = {1931-0145},
 pages = {10--18},
 numpages = {9},
 url = {http://doi.acm.org/10.1145/1656274.1656278},
 doi = {10.1145/1656274.1656278},
 acmid = {1656278},
 publisher = {ACM},
 address = {New York, NY, USA},
} 

@inproceedings{benchmarks,
  title={Genetic programming needs better benchmarks},
  author={McDermott, James and White, David R and Luke, Sean and Manzoni, Luca and Castelli, Mauro and Vanneschi, Leonardo and Jaskowski, Wojciech and Krawiec, Krzysztof and Harper, Robin and De Jong, Kenneth and others},
  booktitle={Proceedings of the 14th annual conference on Genetic and evolutionary computation},
  pages={791--798},
  year={2012},
  organization={ACM}
}

@INPROCEEDINGS{Basin04synthesisof,
    author = {David Basin and Yves Deville and Pierre Flener and Andreas Hamfelt and JÃ¸rgen Fischer Nilsson},
    title = {Synthesis of programs in computational logic},
    booktitle = {PROGRAM DEVELOPMENT IN COMPUTATIONAL LOGIC},
    year = {2004},
    pages = {30--65},
    publisher = {Springer}
}

@Book{KrawiecBPS2016,
  title =	"Behavioral Program Synthesis with Genetic
		 Programming",
  author =	"Krzysztof Krawiec",
  publisher =	"Springer International Publishing",
  year = 	"2015",
  volume =	"618",
  series =	"Studies in Computational Intelligence",
  keywords =	"genetic algorithms, genetic programming",
  isbn13 =	"978-3-319-27563-5",
  URL =  	"http://www.cs.put.poznan.pl/kkrawiec/wiki/?n=Site.BPS",
  URL =  	"http://www.springer.com/gp/book/9783319275635",
  doi =  	"doi:10.1007/978-3-319-27565-9",
  size = 	"193 pages",
  abstract =	"Recent research in Behavioural Program Synthesis with
		 Genetic Programming. Table of contents (12 chapters)
		 Limitations of conventional program evaluation The
		 framework of behavioural program synthesis Behavioral
		 assessment of test difficulty Semantic Genetic
		 Programming Synthesizing programs with consistent
		 execution traces Pattern-guided program synthesis
		 Behavioural code reuse Search drivers Experimental
		 assessment of search drivers Implications of the
		 behavioral perspective Future perspectives",
  notes =	"reviewed in \cite{Azad:2017:GPEM}
		 https://groups.yahoo.com/neo/groups/genetic_programming/conversations/messages/6839
		 http://github.com/kkrawiec/fuel",
  doi-url =	"http://dx.doi.org/10.1007/978-3-319-27565-9",
}

@inproceedings{krawiecGecco2014,
  title={Behavioral programming: a broader and more detailed take on semantic GP},
  author={Krawiec, Krzysztof and O'Reilly, Una-May},
  booktitle={Proceedings of the 2014 Annual Conference on Genetic and Evolutionary Computation},
  pages={935--942},
  year={2014},
  organization={ACM},
}

@inproceedings{benchmarks,
  title={Genetic programming needs better benchmarks},
  author={McDermott, James and White, David R and Luke, Sean and Manzoni, Luca and Castelli, Mauro and Vanneschi, Leonardo and Jaskowski, Wojciech and Krawiec, Krzysztof and Harper, Robin and De Jong, Kenneth and others},
  booktitle={Proceedings of the 14th annual conference on Genetic and evolutionary computation},
  pages={791--798},
  year={2012},
  organization={ACM}
}

@inproceedings{mrgp,
  title={Multiple regression genetic programming},
  author={Arnaldo, Ignacio and Krawiec, Krzysztof and O'Reilly, Una-May},
  booktitle={Proceedings of the 2014 Annual Conference on Genetic and Evolutionary Computation},
  pages={879--886},
  year={2014},
  organization={ACM}
}

@article{flexgp,
  title={FlexGP},
  author={Veeramachaneni, Kalyan and Arnaldo, Ignacio and Derby, Owen and O'Reilly, Una-May},
  journal={Journal of Grid Computing},
  volume={13},
  number={3},
  pages={391--407},
  year={2015},
  publisher={Springer}
}

@article{nsga,
  title={A fast and elitist multiobjective genetic algorithm: NSGA-II},
  author={Deb, Kalyanmoy and Pratap, Amrit and Agarwal, Sameer and Meyarivan, TAMT},
  journal={IEEE transactions on evolutionary computation},
  volume={6},
  number={2},
  pages={182--197},
  year={2002},
  publisher={IEEE}
}

@article{reptree,
  title={The WEKA data mining software: an update},
  author={Hall, Mark and Frank, Eibe and Holmes, Geoffrey and Pfahringer, Bernhard and Reutemann, Peter and Witten, Ian H},
  journal={ACM SIGKDD explorations newsletter},
  volume={11},
  number={1},
  pages={10--18},
  year={2009},
  publisher={ACM}
}

@article{samplingnew,
  title={Accelerating weighted random sampling without replacement},
  author={M{\"u}ller, Kirill},
  journal={Arbeitsberichte Verkehrs-und Raumplanung},
  volume={1141},
  year={2016},
  publisher={IVT, ETH Z{\"u}rich}
}

@article{samplingold,
  title={Weighted random sampling with a reservoir},
  author={Efraimidis, Pavlos S and Spirakis, Paul G},
  journal={Information Processing Letters},
  volume={97},
  number={5},
  pages={181--185},
  year={2006},
  publisher={Elsevier}
}



@ARTICLE{article-minimal,
   author = {L[eslie] A. Aamport},
   title = {The Gnats and Gnus Document Preparation System},
   journal = {\mbox{G-Animal's} Journal},
   year = 1986,
}

@ARTICLE{article-full,
   author = {L[eslie] A. Aamport},
   title = {The Gnats and Gnus Document Preparation System},
   journal = {\mbox{G-Animal's} Journal},
   year = 1986,
   volume = 41,
   number = 7,
   pages = "73+",
   month = jul,
   note = "This is a full ARTICLE entry",
}

The KEY field is here to override the KEY field in the journal being
cross referenced (so is the NOTE field, in addition to its imparting
information).

@ARTICLE{article-crossref,
   crossref = {WHOLE-JOURNAL},
   key = "",
   author = {L[eslie] A. Aamport},
   title = {The Gnats and Gnus Document Preparation System},
   pages = "73+",
   note = "This is a cross-referencing ARTICLE entry",
}

@ARTICLE{whole-journal,
   key = "GAJ",
   journal = {\mbox{G-Animal's} Journal},
   year = 1986,
   volume = 41,
   number = 7,
   month = jul,
   note = {The entire issue is devoted to gnats and gnus
		(this entry is a cross-referenced ARTICLE (journal))},
}

@INBOOK{inbook-minimal,
   author = "Donald E. Knuth",
   title = "Fundamental Algorithms",
   publisher = "Addison-Wesley",
   year = "{\noopsort{1973b}}1973",
   chapter = "1.2",
}

@INBOOK{inbook-full,
   author = "Donald E. Knuth",
   title = "Fundamental Algorithms",
   volume = 1,
   series = "The Art of Computer Programming",
   publisher = "Addison-Wesley",
   address = "Reading, Massachusetts",
   edition = "Second",
   month = "10~" # jan,
   year = "{\noopsort{1973b}}1973",
   type = "Section",
   chapter = "1.2",
   pages = "10--119",
   note = "This is a full INBOOK entry",
}

@INBOOK{inbook-crossref,
   crossref = "whole-set",
   title = "Fundamental Algorithms",
   volume = 1,
   series = "The Art of Computer Programming",
   edition = "Second",
   year = "{\noopsort{1973b}}1973",
   type = "Section",
   chapter = "1.2",
   note = "This is a cross-referencing INBOOK entry",
}

@BOOK{book-minimal,
   author = "Donald E. Knuth",
   title = "Seminumerical Algorithms",
   publisher = "Addison-Wesley",
   year = "{\noopsort{1973c}}1981",
}

@BOOK{book-full,
   author = "Donald E. Knuth",
   title = "Seminumerical Algorithms",
   volume = 2,
   series = "The Art of Computer Programming",
   publisher = "Addison-Wesley",
   address = "Reading, Massachusetts",
   edition = "Second",
   month = "10~" # jan,
   year = "{\noopsort{1973c}}1981",
   note = "This is a full BOOK entry",
}

@BOOK{book-crossref,
   crossref = "whole-set",
   title = "Seminumerical Algorithms",
   volume = 2,
   series = "The Art of Computer Programming",
   edition = "Second",
   year = "{\noopsort{1973c}}1981",
   note = "This is a cross-referencing BOOK entry",
}

@BOOK{whole-set,
   author = "Donald E. Knuth",
   publisher = "Addison-Wesley",
   title = "The Art of Computer Programming",
   series = "Four volumes",
   year = "{\noopsort{1973a}}{\switchargs{--90}{1968}}",
   note = "Seven volumes planned (this is a cross-referenced set of BOOKs)",
}

@BOOKLET{booklet-minimal,
   key = "Kn{\printfirst{v}{1987}}",
   title = "The Programming of Computer Art",
}

@BOOKLET{booklet-full,
   author = "Jill C. Knvth",
   title = "The Programming of Computer Art",
   howpublished = "Vernier Art Center",
   address = "Stanford, California",
   month = feb,
   year = 1988,
   note = "This is a full BOOKLET entry",
}

@INCOLLECTION{incollection-minimal,
   author = "Daniel D. Lincoll",
   title = "Semigroups of Recurrences",
   booktitle = "High Speed Computer and Algorithm Organization",
   publisher = "Academic Press",
   year = 1977,
}

@INCOLLECTION{incollection-full,
   author = "Daniel D. Lincoll",
   title = "Semigroups of Recurrences",
   editor = "David J. Lipcoll and D. H. Lawrie and A. H. Sameh",
   booktitle = "High Speed Computer and Algorithm Organization",
   number = 23,
   series = "Fast Computers",
   chapter = 3,
   type = "Part",
   pages = "179--183",
   publisher = "Academic Press",
   address = "New York",
   edition = "Third",
   month = sep,
   year = 1977,
   note = "This is a full INCOLLECTION entry",
}

@INCOLLECTION{incollection-crossref,
   crossref = "whole-collection",
   author = "Daniel D. Lincoll",
   title = "Semigroups of Recurrences",
   pages = "179--183",
   note = "This is a cross-referencing INCOLLECTION entry",
}

@BOOK{whole-collection,
   editor = "David J. Lipcoll and D. H. Lawrie and A. H. Sameh",
   title = "High Speed Computer and Algorithm Organization",
   booktitle = "High Speed Computer and Algorithm Organization",
   number = 23,
   series = "Fast Computers",
   publisher = "Academic Press",
   address = "New York",
   edition = "Third",
   month = sep,
   year = 1977,
   note = "This is a cross-referenced BOOK (collection) entry",
}

@MANUAL{manual-minimal,
   key = "Manmaker",
   title = "The Definitive Computer Manual",
}

@MANUAL{manual-full,
   author = "Larry Manmaker",
   title = "The Definitive Computer Manual",
   organization = "Chips-R-Us",
   address = "Silicon Valley",
   edition = "Silver",
   month = apr # "-" # may,
   year = 1986,
   note = "This is a full MANUAL entry",
}

@MASTERSTHESIS{mastersthesis-minimal,
   author = "{\'{E}}douard Masterly",
   title = "Mastering Thesis Writing",
   school = "Stanford University",
   year = 1988,
}

@MASTERSTHESIS{mastersthesis-full,
   author = "{\'{E}}douard Masterly",
   title = "Mastering Thesis Writing",
   school = "Stanford University",
   type = "Master's project",
   address = "English Department",
   month = jun # "-" # aug,
   year = 1988,
   note = "This is a full MASTERSTHESIS entry",
}

@MISC{misc-minimal,
   key = "Missilany",
   note = "This is a minimal MISC entry",
}

@MISC{misc-full,
   author = "Joe-Bob Missilany",
   title = "Handing out random pamphlets in airports",
   howpublished = "Handed out at O'Hare",
   month = oct,
   year = 1984,
   note = "This is a full MISC entry",
}

@STRING{STOC-key = "OX{\singleletter{stoc}}"}

@STRING{ACM = "The OX Association for Computing Machinery"}

@STRING{STOC = " Symposium on the Theory of Computing"}

@INPROCEEDINGS{inproceedings-minimal,
   author = "Alfred V. Oaho and Jeffrey D. Ullman and Mihalis Yannakakis",
   title = "On Notions of Information Transfer in {VLSI} Circuits",
   booktitle = "Proc. Fifteenth Annual ACM" # STOC,
   year = 1983,
}

@INPROCEEDINGS{inproceedings-full,
   author = "Alfred V. Oaho and Jeffrey D. Ullman and Mihalis Yannakakis",
   title = "On Notions of Information Transfer in {VLSI} Circuits",
   editor = "Wizard V. Oz and Mihalis Yannakakis",
   booktitle = "Proc. Fifteenth Annual ACM" # STOC,
   number = 17,
   series = "All ACM Conferences",
   pages = "133--139",
   month = mar,
   year = 1983,
   address = "Boston",
   organization = ACM,
   publisher = "Academic Press",
   note = "This is a full INPROCEDINGS entry",
}

@INPROCEEDINGS{inproceedings-crossref,
   crossref = "whole-proceedings",
   author = "Alfred V. Oaho and Jeffrey D. Ullman and Mihalis Yannakakis",
   title = "On Notions of Information Transfer in {VLSI} Circuits",
   organization = "",
   pages = "133--139",
   note = "This is a cross-referencing INPROCEEDINGS entry",
}

@PROCEEDINGS{proceedings-minimal,
   key = STOC-key,
   title = "Proc. Fifteenth Annual" # STOC,
   year = 1983,
}

@PROCEEDINGS{proceedings-full,
   editor = "Wizard V. Oz and Mihalis Yannakakis",
   title = "Proc. Fifteenth Annual" # STOC,
   number = 17,
   series = "All ACM Conferences",
   month = mar,
   year = 1983,
   address = "Boston",
   organization = ACM,
   publisher = "Academic Press",
   note = "This is a full PROCEEDINGS entry",
}

@PROCEEDINGS{whole-proceedings,
   key = STOC-key,
   organization = ACM,
   title = "Proc. Fifteenth Annual" # STOC,
   address = "Boston",
   year = 1983,
   booktitle = "Proc. Fifteenth Annual ACM" # STOC,
   note = "This is a cross-referenced PROCEEDINGS",
}

@PHDTHESIS{phdthesis-minimal,
   author = "F. Phidias Phony-Baloney",
   title = "Fighting Fire with Fire: Festooning {F}rench Phrases",
   school = "Fanstord University",
   year = 1988,
}

@PHDTHESIS{phdthesis-full,
   author = "F. Phidias Phony-Baloney",
   title = "Fighting Fire with Fire: Festooning {F}rench Phrases",
   school = "Fanstord University",
   type = "{PhD} Dissertation",
   address = "Department of French",
   month = jun # "-" # aug,
   year = 1988,
   note = "This is a full PHDTHESIS entry",
}

@TECHREPORT{techreport-minimal,
   author = "Tom Terrific",
   title = "An {$O(n \log n / \! \log\log n)$} Sorting Algorithm",
   institution = "Fanstord University",
   year = 1988,
}

@TECHREPORT{techreport-full,
   author = "Tom T{\'{e}}rrific",
   title = "An {$O(n \log n / \! \log\log n)$} Sorting Algorithm",
   institution = "Fanstord University",
   type = "Wishful Research Result",
   number = "7",
   address = "Computer Science Department, Fanstord, California",
   month = oct,
   year = 1988,
   note = "This is a full TECHREPORT entry",
}

@UNPUBLISHED{unpublished-minimal,
   author = "Ulrich {\"{U}}nderwood and Ned {\~N}et and Paul {\={P}}ot",
   title = "Lower Bounds for Wishful Research Results",
   note = "Talk at Fanstord University (this is a minimal UNPUBLISHED entry)",
}

@UNPUBLISHED{unpublished-full,
   author = "Ulrich {\"{U}}nderwood and Ned {\~N}et and Paul {\={P}}ot",
   title = "Lower Bounds for Wishful Research Results",
   month = nov # ", " # dec,
   year = 1988,
   note = "Talk at Fanstord University (this is a full UNPUBLISHED entry)",
}

@MISC{random-note-crossref,
   key = {Volume-2},
   note = "Volume~2 is listed under Knuth \cite{book-full}"
}

@inproceedings{mcphee2008semantic,
  title={Semantic building blocks in genetic programming},
  author={McPhee, Nicholas Freitag and Ohs, Brian and Hutchison, Tyler},
  booktitle={European Conference on Genetic Programming},
  pages={134--145},
  year={2008},
  organization={Springer}
}

@article{vanneschi2014survey,
  title={A survey of semantic methods in genetic programming},
  author={Vanneschi, Leonardo and Castelli, Mauro and Silva, Sara},
  journal={Genetic Programming and Evolvable Machines},
  volume={15},
  number={2},
  pages={195--214},
  year={2014},
  publisher={Springer}
}

@book{krawiec2016behavioral,
  title={Behavioral program synthesis with genetic programming},
  author={Krawiec, Krzysztof},
  volume={618},
  publisher={Springer}
}

@inproceedings{mckay2000fitness,
  title={Fitness sharing in genetic programming},
  author={McKay, Robert I},
  booktitle={Proceedings of the 2nd Annual Conference on Genetic and Evolutionary Computation},
  pages={435--442},
  year={2000},
  organization={Morgan Kaufmann Publishers Inc.}
}

@article{haynes1997line,
  title={On-line adaptation of search via knowledge reuse},
  author={Haynes, Thomas},
  journal={Genetic Programming},
  pages={156--161},
  year={1997}
}

@inproceedings{Ffrancon:2015:MSG:2739480.2754697,
 author = {Ffrancon, Robyn and Schoenauer, Marc},
 title = {Memetic Semantic Genetic Programming},
 booktitle = {Proceedings of the 2015 Annual Conference on Genetic and Evolutionary Computation},
 series = {GECCO '15},
 year = {2015},
 isbn = {978-1-4503-3472-3},
 location = {Madrid, Spain},
 pages = {1023--1030},
 numpages = {8},
 acmid = {2754697},
 publisher = {ACM},
 address = {New York, NY, USA},
 keywords = {genetic programming, local search, semantic backpropagation},
} 

@article{solar2008program,
  title={Program synthesis by sketching},
  author={Solar-Lezama, Armando},
  year={2008},
  publisher={University of California at Berkeley}
}

@inproceedings{srivastava2010program,
  title={From program verification to program synthesis},
  author={Srivastava, Saurabh and Gulwani, Sumit and Foster, Jeffrey S},
  booktitle={ACM Sigplan Notices},
  volume={45},
  number={1},
  pages={313--326},
  year={2010},
  organization={ACM}
}

@article{graves2016hybrid,
  title={Hybrid computing using a neural network with dynamic external memory},
  author={Graves, Alex and Wayne, Greg and Reynolds, Malcolm and Harley, Tim and Danihelka, Ivo and Grabska-Barwi{\'n}ska, Agnieszka and Colmenarejo, Sergio G{\'o}mez and Grefenstette, Edward and Ramalho, Tiago and Agapiou, John and others},
  journal={Nature},
  volume={538},
  number={7626},
  pages={471--476},
  year={2016},
  publisher={Nature Research}
}

@inproceedings{krawiec2013pattern,
  title={Pattern-guided genetic programming},
  author={Krawiec, Krzysztof and Swan, Jerry},
  booktitle={Proceedings of the 15th annual conference on Genetic and evolutionary computation},
  pages={949--956},
  year={2013},
  organization={ACM}
}

@article{liskowski2016online,
  title={Online discovery of search objectives for test-based problems},
  author={Liskowski, Pawe{\l} and Krawiec, Krzysztof},
  journal={Evolutionary computation},
  year={2016},
  publisher={MIT Press One Rogers Street, Cambridge, MA 02142-1209 USA journals-info@ mit. edu}
}

@Article{weimer2010automatic,
  Title                    = {Automatic program repair with evolutionary computation},
  Author                   = {Weimer, Westley and Forrest, Stephanie and Le Goues, Claire and Nguyen, ThanhVu},
  Journal                  = {Communications of the ACM},
  Year                     = {2010},
  Number                   = {5},
  Pages                    = {109--116},
  Volume                   = {53},
  Publisher                = {ACM}
}

@article{rinard2012example,
  title={Example-driven program synthesis for end-user programming: technical perspective},
  author={Rinard, Martin C},
  journal={Communications of the ACM},
  volume={55},
  number={8},
  pages={96--96},
  year={2012},
  publisher={ACM}
}

@inproceedings{gulwani2010dimensions,
  title={Dimensions in program synthesis},
  author={Gulwani, Sumit},
  booktitle={Proceedings of the 12th international ACM SIGPLAN symposium on Principles and practice of declarative programming},
  pages={13--24},
  year={2010},
  organization={ACM}
}

@book{koza1992genetic,
  title={Genetic programming: on the programming of computers by means of natural selection},
  author={Koza, John R},
  volume={1},
  year={1992},
  publisher={MIT press}
}
